<?xml version="1.0" encoding="UTF-8"?>
<marc:collection xmlns:marc="http://www.loc.gov/MARC21/slim" xmlns:xsi="http://www.w3.org/2001/XMLSchema-instance" xsi:schemaLocation="http://www.loc.gov/MARC21/slim http://www.loc.gov/standards/marcxml/schema/MARC21slim.xsd">
   <marc:record type="Bibliographic">
      <marc:leader>01459cam a2200385 a 4500</marc:leader>
      <marc:controlfield tag="001">1290861</marc:controlfield>
      <marc:controlfield tag="003">NjP</marc:controlfield>
      <marc:controlfield tag="005">20130507150825.0</marc:controlfield>
      <marc:controlfield tag="008">940301s1947    ua       b    001 0daraod</marc:controlfield>
      <marc:datafield tag="024" ind1="7" ind2=" ">
         <marc:subfield code="a">princeton_aco000207</marc:subfield>
         <marc:subfield code="2">local</marc:subfield>
      </marc:datafield>
      <marc:datafield tag="035" ind1=" " ind2=" ">
         <marc:subfield code="a">(OCoLC)ocn176992707</marc:subfield>
      </marc:datafield>
      <marc:datafield tag="035" ind1=" " ind2=" ">
         <marc:subfield code="a">(OCoLC)ocm29888831</marc:subfield>
      </marc:datafield>
      <marc:datafield tag="035" ind1=" " ind2=" ">
         <marc:subfield code="a">(OCoLC)176992707</marc:subfield>
      </marc:datafield>
      <marc:datafield tag="035" ind1=" " ind2=" ">
         <marc:subfield code="9">CDT3574TS</marc:subfield>
      </marc:datafield>
      <marc:datafield tag="035" ind1=" " ind2=" ">
         <marc:subfield code="a">(NjP)1290861</marc:subfield>
      </marc:datafield>
      <marc:datafield tag="040" ind1=" " ind2=" ">
         <marc:subfield code="a">OSU</marc:subfield>
         <marc:subfield code="c">PUL</marc:subfield>
         <marc:subfield code="d">PUL</marc:subfield>
      </marc:datafield>
      <marc:datafield tag="049" ind1=" " ind2=" ">
         <marc:subfield code="a">PULL</marc:subfield>
      </marc:datafield>
      <marc:datafield tag="079" ind1=" " ind2=" ">
         <marc:subfield code="a">ocm29888831</marc:subfield>
      </marc:datafield>
      <marc:datafield tag="100" ind1="0" ind2=" ">
         <marc:subfield code="6">880-01</marc:subfield>
         <marc:subfield code="a">Surāqah ibn Mirdās al-Bāriqī,</marc:subfield>
         <marc:subfield code="d">-698 or 699.</marc:subfield>
      </marc:datafield>
      <marc:datafield tag="240" ind1="1" ind2="0">
         <marc:subfield code="a">Poems</marc:subfield>
      </marc:datafield>
      <marc:datafield tag="245" ind1="1" ind2="0">
         <marc:subfield code="6">880-02</marc:subfield>
         <marc:subfield code="a">Dīwān Surāqah al-Bāriqī /</marc:subfield>
         <marc:subfield code="c">ḥaqqaqahu wa-sharraḥahu Ḥusayn Naṣṣār.</marc:subfield>
      </marc:datafield>
      <marc:datafield tag="250" ind1=" " ind2=" ">
         <marc:subfield code="6">880-03</marc:subfield>
         <marc:subfield code="a">al-Ṭabʻah 1.</marc:subfield>
      </marc:datafield>
      <marc:datafield tag="260" ind1=" " ind2=" ">
         <marc:subfield code="6">880-04</marc:subfield>
         <marc:subfield code="a">al-Qāhirah :</marc:subfield>
         <marc:subfield code="b">Lajnat al-Taʼlīf wa-al-Tarjamah wa-al-Nashr,</marc:subfield>
         <marc:subfield code="c">1947.</marc:subfield>
      </marc:datafield>
      <marc:datafield tag="300" ind1=" " ind2=" ">
         <marc:subfield code="a">6, 120 p. ;</marc:subfield>
         <marc:subfield code="c">25 cm.</marc:subfield>
      </marc:datafield>
      <marc:datafield tag="504" ind1=" " ind2=" ">
         <marc:subfield code="a">Includes bibliographical references (p. 34) and indexes.</marc:subfield>
      </marc:datafield>
      <marc:datafield tag="500" ind1=" " ind2=" ">
         <marc:subfield code="a">In Arabic.</marc:subfield>
      </marc:datafield>
      <marc:datafield tag="700" ind1="1" ind2=" ">
         <marc:subfield code="6">880-05</marc:subfield>
         <marc:subfield code="a">Naṣṣār, Ḥusayn.</marc:subfield>
      </marc:datafield>
      <marc:datafield tag="880" ind1="0" ind2=" ">
         <marc:subfield code="6">100-01/r</marc:subfield>
         <marc:subfield code="a">سراقة بن مرداس البارقي،</marc:subfield>
         <marc:subfield code="d">-698 or 699.</marc:subfield>
      </marc:datafield>
      <marc:datafield tag="880" ind1="1" ind2="0">
         <marc:subfield code="6">245-02/r</marc:subfield>
         <marc:subfield code="a">ديوان سراقة البارقي /</marc:subfield>
         <marc:subfield code="c">حققه وشرحه حسين نصار.</marc:subfield>
      </marc:datafield>
      <marc:datafield tag="880" ind1=" " ind2=" ">
         <marc:subfield code="6">250-03/r</marc:subfield>
         <marc:subfield code="a">الطبعة 1.</marc:subfield>
      </marc:datafield>
      <marc:datafield tag="880" ind1=" " ind2=" ">
         <marc:subfield code="6">260-04/r</marc:subfield>
         <marc:subfield code="a">القاهرة :</marc:subfield>
         <marc:subfield code="b">لجنة التأليف والترجمة والنشر،</marc:subfield>
         <marc:subfield code="c">1947.</marc:subfield>
      </marc:datafield>
      <marc:datafield tag="880" ind1="1" ind2=" ">
         <marc:subfield code="6">700-05/r</marc:subfield>
         <marc:subfield code="a">نصار، حسين.</marc:subfield>
      </marc:datafield>
      <marc:datafield tag="852" ind1="0" ind2=" ">
         <marc:subfield code="b">nec</marc:subfield>
         <marc:subfield code="h">PJ7700.S87</marc:subfield>
         <marc:subfield code="i">A6 1947</marc:subfield>
         <marc:subfield code="p">1483287</marc:subfield>
         <marc:subfield code="x">reclassed from: 2276.0185.1947</marc:subfield>
      </marc:datafield>
      <marc:datafield tag="947" ind1=" " ind2=" ">
         <marc:subfield code="a">CDT3574</marc:subfield>
      </marc:datafield>
      <marc:datafield tag="911" ind1=" " ind2=" ">
         <marc:subfield code="a">20000130</marc:subfield>
      </marc:datafield>
      <marc:datafield tag="994" ind1=" " ind2=" ">
         <marc:subfield code="a">C0</marc:subfield>
         <marc:subfield code="b">PUL</marc:subfield>
      </marc:datafield>
      <marc:datafield tag="999" ind1=" " ind2=" ">
         <marc:subfield code="a">1290861</marc:subfield>
      </marc:datafield>
   </marc:record>
</marc:collection>
